InProceedings{lazypropagation2010,
  author =       {Simon Holm Jensen and Anders M\o{}ller and Peter Thiemann},
  title =        {Interprocedural Analysis with Lazy Propagation},
  booktitle =    {Proc. 17th International Static Analysis Symposium, SAS~'10},
  year =         {2010},
  month =        {September},
  series =       {LNCS},
  volume =       {6337},
  publisher =    {Springer-Verlag},
}

Article{dynamicfeatures2015,
  author =       {Mark Hill},
  title =        {Analyzing Ambiguity of Context-Free Grammars},
  journal =      {Science of Computer Programming}, 
  volume =       {75},
  number =       {3},
  pages =        {176-191},
  month =        {March},
  year =         {2010},
  publisher =    {Elsevier},
}

@InProceedings{dynamicfeatures15,
  author =       {Mark Hill},
  title =        {Evolution of Dynamic Feature Usage in PHP},
  booktitle =    {Proc. 22nd International Conference on Software Analysis, Evolution, and Reengineering, SANER~'15},
  month =        {March},
  year =         {2015},
}

@InProceedings{tajs09,
  author =       {Simon Holm Jensen and Anders M\o{}ller and Peter Thiemann},
  title =        {Type Analysis for {J}ava{S}cript},
  booktitle =    {Proc. 16th International Static Analysis Symposium, SAS~'09},
  year =         {2009},
  month =        {August},
  series =       {LNCS},
  volume =       {5673},
  publisher =    {Springer-Verlag},
}

@inproceedings{weverca14,
  author    = {David Hauzar and
               Jan Kofron},
  title     = {WeVerca: Web Applications Verification for {PHP}},
  booktitle = {Proc. Software Engineering and Formal Methods - 12th International Conference,
               SEFM~'14},
  pages     = {296--301},
  year      = {2014}
}

@article{bush00,
 author = {Bush, William R. and Pincus, Jonathan D. and Sielaff, David J.},
 title = {A Static Analyzer for Finding Dynamic Programming Errors},
 journal = {Softw. Pract. Exper.},
 issue_date = {June 2000},
 volume = {30},
 number = {7},
 month = {June},
 year = {2000},
 issn = {0038-0644},
 pages = {775--802},
 numpages = {28},
 acmid = {348428},
 publisher = {John Wiley \& Sons, Inc.},
 address = {New York, NY, USA},
 keywords = {program analysis, program error checking},
} 

@inproceedings{minamide05,
 author = {Minamide, Yasuhiko},
 title = {Static Approximation of Dynamically Generated Web Pages},
 booktitle = {Proceedings of the 14th International Conference on World Wide Web},
 series = {WWW~'05},
 year = {2005},
 isbn = {1-59593-046-9},
 location = {Chiba, Japan},
 pages = {432--441},
 numpages = {10},
 doi = {10.1145/1060745.1060809},
 acmid = {1060809},
 publisher = {ACM},
 address = {New York, NY, USA},
 keywords = {HTML validation, context-free grammars, cross-site scripting, server-side scripting, static analysis},
} 

@INPROCEEDINGS{wassermann08, 
author={Wassermann, G. and Zhendong Su}, 
booktitle={Software Engineering, 2008. ICSE '08. ACM/IEEE 30th International Conference on}, 
title={Static detection of cross-site scripting vulnerabilities}, 
year={2008}, 
month={May}, 
pages={171-180}, 
keywords={Internet;program diagnostics;program verification;security of data;Firefox source code;HTML mark-up;JavaScript interpreter;W3C recommendation;Web applications;Web client;closed-source browsers;cross-site scripting vulnerabilities;obstacle checking;static detection;string analysis;trusted server;Application software;Data analysis;Displays;HTML;Information analysis;Information filtering;Information filters;Internet;Java;MySpace;cross-site scripting;input validation;static analysis;web applications}, 
doi={10.1145/1368088.1368112}, 
ISSN={0270-5257},}

@inproceedings{xie06,
 author = {Xie, Yichen and Aiken, Alex},
 title = {Static Detection of Security Vulnerabilities in Scripting Languages},
 booktitle = {Proceedings of the 15th Conference on USENIX Security Symposium - Volume 15},
 series = {USENIX-SS'06},
 year = {2006},
 location = {Vancouver, B.C., Canada},
 articleno = {13},
 acmid = {1267349},
 publisher = {USENIX Association},
 address = {Berkeley, CA, USA},
} 

@article{Artzi10,
   author = {Shay Artzi and Adam Kie{\.z}un and Julian Dolby and Frank Tip
	and Danny Dig and Amit Paradkar and Michael D. Ernst},
   title = {Finding bugs in web applications using dynamic test generation
	and explicit state model checking},
   journal = {IEEE Transactions on Software Engineering},
   volume = {36},
   number = {4},
   pages = {474--494},
   month = {July/August},
   year = {2010}
}

@inproceedings{wassermann07,
 author = {Wassermann, Gary and Su, Zhendong},
 title = {Sound and Precise Analysis of Web Applications for Injection Vulnerabilities},
 booktitle = {Proceedings of the 2007 ACM SIGPLAN Conference on Programming Language Design and Implementation},
 series = {PLDI '07},
 year = {2007},
 isbn = {978-1-59593-633-2},
 location = {San Diego, California, USA},
 pages = {32--41},
 numpages = {10},
 doi = {10.1145/1250734.1250739},
 acmid = {1250739},
 publisher = {ACM},
 address = {New York, NY, USA},
 keywords = {static analysis, string analysis, web applications},
} 

@INPROCEEDINGS{pixy06,
    author = {Nenad Jovanovic and Christopher Kruegel and Engin Kirda},
    title = {Pixy: A Static Analysis Tool for Detecting Web Application Vulnerabilities (Short Paper)},
    booktitle = {IN 2006 IEEE SYMPOSIUM ON SECURITY AND PRIVACY},
    year = {2006},
    pages = {258--263},
    publisher = {}
}

@inproceedings{featureusage13,
 author = {Hills, Mark and Klint, Paul and Vinju, Jurgen},
 title = {An Empirical Study of PHP Feature Usage: A Static Analysis Perspective},
 booktitle = {Proceedings of the 2013 International Symposium on Software Testing and Analysis},
 series = {ISSTA 2013},
 year = {2013},
 isbn = {978-1-4503-2159-4},
 location = {Lugano, Switzerland},
 pages = {325--335},
 numpages = {11},
 doi = {10.1145/2483760.2483786},
 acmid = {2483786},
 publisher = {ACM},
 address = {New York, NY, USA},
 keywords = {Dynamic language features, PHP, Static analysis, Static metrics, Static program behavior},
} 

@incollection{sridharan13,
  author = {Sridharan, Manu and Chandra, Satish and Dolby, Julian and Fink, Stephen J. and Yahav, Eran},
  booktitle = {Aliasing in Object-Oriented Programming},
  crossref = {series/lncs/7850},
  editor = {Clarke, Dave and Noble, James and Wrigstad, Tobias},
  ee = {http://dx.doi.org/10.1007/978-3-642-36946-9_8},
  interhash = {5fbdaa80c7183dc0dc6fb196f953b6df},
  intrahash = {cbee93ec7eb3ff23e498edd0944d7eed},
  isbn = {978-3-642-36945-2},
  keywords = {dblp},
  pages = {196-232},
  publisher = {Springer},
  series = {Lecture Notes in Computer Science},
  timestamp = {2013-09-10T00:00:00.000+0200},
  title = {Alias Analysis for Object-Oriented Programs.},
  volume = 7850,
  year = 2013
}

@InCollection{interprocedural,
  author =       {Micha Sharir and Amir Pnueli},
  title =        {Two approaches to interprocedural dataflow analysis},
  booktitle =    {Program Flow Analysis: Theory and Applications},
  publisher =    {Prentice-Hall},
  year =         {1981},
  pages =        {189-233},
}

@misc{phpinternals,
  author =      {Julien Pauli and Anthony Ferrara and Nikita Popov},
  title =       {PHP Internals Book},
  howpublished = "\url{http://www.phpinternalsbook.com/index.html}",
  note =        {Online; accessed 25-February-2015}
}

@book{programmingphp,
  author =      {Rasmus Lerdorf and Kevin Tatroe with Bob Kaehms and Ric McGredy},
  title =       {Programming PHP},
  publisher =   {O'Reilly},
  year =        {2002}
}

@book{popa,
  author =      {Flemming Nielson and Hanne Riis Nielson and Chris Hankin},
  title =       {Principles of Program Analysis},
  publisher =   {Springer},
  year =        {1999}
}

@inproceedings{vanderhoek,
 author = {Van der Hoek, Henk Erik and Hage, Jurriaan},
 title = {Object-sensitive Type Analysis of PHP},
 booktitle = {Proceedings of the 2015 Workshop on Partial Evaluation and Program Manipulation},
 series = {PEPM '15},
 year = {2015},
 isbn = {978-1-4503-3297-2},
 location = {Mumbai, India},
 pages = {9--20},
 numpages = {12},
 url = {http://doi.acm.org/10.1145/2678015.2682535},
 doi = {10.1145/2678015.2682535},
 acmid = {2682535},
 publisher = {ACM},
 address = {New York, NY, USA},
 keywords = {abstract garbage collection, cost and precision, monotone frameworks, object-sensitivity, php, static analysis},
} 

@inproceedings{blendedtaint,
 author = {Wei, Shiyi and Ryder, Barbara G.},
 title = {Practical Blended Taint Analysis for JavaScript},
 booktitle = {Proceedings of the 2013 International Symposium on Software Testing and Analysis},
 series = {ISSTA 2013},
 year = {2013},
 isbn = {978-1-4503-2159-4},
 location = {Lugano, Switzerland},
 pages = {336--346},
 numpages = {11},
 url = {http://doi.acm.org/10.1145/2483760.2483788},
 doi = {10.1145/2483760.2483788},
 acmid = {2483788},
 publisher = {ACM},
 address = {New York, NY, USA},
 keywords = {JavaScript, program analysis, taint analysis},
} 

@inproceedings{blendedanalysis,
 author = {Dufour, Bruno and Ryder, Barbara G. and Sevitsky, Gary},
 title = {Blended Analysis for Performance Understanding of Framework-based Applications},
 booktitle = {Proceedings of the 2007 International Symposium on Software Testing and Analysis},
 series = {ISSTA '07},
 year = {2007},
 isbn = {978-1-59593-734-6},
 location = {London, United Kingdom},
 pages = {118--128},
 numpages = {11},
 url = {http://doi.acm.org/10.1145/1273463.1273480},
 doi = {10.1145/1273463.1273480},
 acmid = {1273480},
 publisher = {ACM},
 address = {New York, NY, USA},
 keywords = {dataflow analysis, escape analysis, framework-intensive applications, java, program understandingperfor-mance},
}

@misc{wordpress,
  title = {WordPress},
  howpublished = {\url{https://wordpress.org/}},
  note = {Accessed: 2015-04-06}
}

@misc{phpmyadmin,
  title = {phpMyAdmin},
  howpublished = {\url{http://www.phpmyadmin.net/}},
  note = {Accessed: 2015-04-06}
}

@misc{mediawiki,
  title = {MediaWiki},
  howpublished = {\url{https://www.mediawiki.org/}},
  note = {Accessed: 2015-04-06}
}

@misc{joomla,
  title = {Joomla},
  howpublished = {\url{http://www.joomla.org/}},
  note = {Accessed: 2015-04-06}
}

@misc{codeigniter,
  title = {CodeIgniter},
  howpublished = {\url{http://www.codeigniter.com/}},
  note = {Accessed: 2015-04-06}
}

@misc{phpbb,
  title = {phpBB},
  howpublished = {\url{https://www.phpbb.com/}},
  note = {Accessed: 2015-04-06}
}

@misc{symfony2,
  title = {Symfony 2},
  howpublished = {\url{http://symfony.com/}},
  note = {Accessed: 2015-04-06}
}

@misc{magento2,
  title = {Magento 2},
  howpublished = {\url{https://magento.com/developers/magento2}},
  note = {Accessed: 2015-04-06}
}

@misc{zendframework,
  title = {Zend Framework},
  howpublished = {\url{http://framework.zend.com/}},
  note = {Accessed: 2015-04-06}
}

@misc{part,
  title = {Part},
  howpublished = {\url{https://github.com/budde377/Part}},
  note = {Accessed: 2015-04-06}
}

@misc{w3techs,
  title = {W3Techs},
  howpublished = {\url{http://w3techs.com/technologies/overview/programming_language/all}},
  note = {Accessed: 2015-04-21}
}

@misc{w3techsphp,
  title = {W3Techs},
  howpublished = {\url{http://w3techs.com/technologies/details/pl-php/all/all}},
  note = {Accessed: 2015-04-21}
}

@misc{phpcomparison,
  title = {PHP: Comparison Operators},
  howpublished = {\url{http://php.net/manual/en/language.operators.comparison.php}},
  note = {Accessed: 2015-05-12}
}